@article{Neumann1980,
author = {Neumann, Richard M.},
doi = {10.1119/1.12095},
file = {:home/balin/Desktop/Dirk/gitppr/refs/1.12095.pdf:pdf},
issn = {00029505},
journal = {American Journal of Physics},
number = {5},
pages = {354},
title = {{Entropic approach to Brownian movement}},
volume = {48},
year = {1980}
}
@article{Zhang2012,
author = {Zhang, Zhen and Chen, Hanshuang and Hou, Zhonghuai},
doi = {10.1063/1.4737638},
file = {:home/balin/Desktop/Dirk/gitppr/refs/1.4737638.pdf:pdf},
issn = {00219606},
journal = {The Journal of Chemical Physics},
number = {4},
pages = {044904},
title = {{Entropic stochastic resonance of a flexible polymer chain in a confined system}},
url = {http://scitation.aip.org/content/aip/journal/jcp/137/4/10.1063/1.4737638},
volume = {137},
year = {2012}
}
@article{Roos2014,
author = {Roos, Nico},
doi = {10.1119/1.4894381},
file = {:home/balin/Desktop/Dirk/gitppr/refs/1.4894381.pdf:pdf},
issn = {0002-9505},
journal = {American Journal of Physics},
number = {12},
pages = {1161--1166},
title = {{Entropic forces in Brownian motion}},
url = {http://scitation.aip.org/content/aapt/journal/ajp/82/12/10.1119/1.4894381},
volume = {82},
year = {2014}
}
@article{Ding2015,
author = {Ding, Huai and Jiang, Huijun and Hou, Zhonghuai},
doi = {10.1063/1.4921372},
file = {:home/balin/Desktop/Dirk/gitppr/refs/1.4921372.pdf:pdf},
issn = {0021-9606},
journal = {The Journal of Chemical Physics},
number = {19},
pages = {194109},
title = {{Entropic stochastic resonance without external force in oscillatory confined space}},
url = {http://scitation.aip.org/content/aip/journal/jcp/142/19/10.1063/1.4921372},
volume = {142},
year = {2015}
}
@article{Rikken2014,
author = {Rikken, Roger S. M. and Nolte, Roeland J. M. and Maan, Jan C. and van Hest, Jan C. M. and Wilson, Daniela a. and Christianen, Peter C. M.},
doi = {10.1039/C3SM52294F},
file = {:home/balin/Desktop/Dirk/gitppr/refs/RikkenSoftMatter.pdf:pdf},
issn = {1744-683X},
journal = {Soft Matter},
number = {9},
pages = {1295--1308},
title = {{Manipulation of micro- and nanostructure motion with magnetic fields}},
url = {http://xlink.rsc.org/?DOI=C3SM52294F},
volume = {10},
year = {2014}
}
