@unpublished{ Gao15,
              author="Gao, Y and Peng, B and Dullens, R P A and Aarts, D G A L",
              note="In preparation"}
